%YAML 1.1
%TAG !u! tag:unity3d.com,2011:
--- !u!1 &101142
GameObject:
  m_ObjectHideFlags: 1
  m_PrefabParentObject: {fileID: 0}
  m_PrefabInternal: {fileID: 100100000}
  serializedVersion: 4
  m_Component:
  - 4: {fileID: 454496}
  m_Layer: 0
  m_Name: FootL_R
  m_TagString: Untagged
  m_Icon: {fileID: 0}
  m_NavMeshLayer: 0
  m_StaticEditorFlags: 0
  m_IsActive: 1
--- !u!1 &103472
GameObject:
  m_ObjectHideFlags: 0
  m_PrefabParentObject: {fileID: 0}
  m_PrefabInternal: {fileID: 100100000}
  serializedVersion: 4
  m_Component:
  - 4: {fileID: 416792}
  - 137: {fileID: 13739080}
  m_Layer: 0
  m_Name: Emit
  m_TagString: Untagged
  m_Icon: {fileID: 0}
  m_NavMeshLayer: 0
  m_StaticEditorFlags: 0
  m_IsActive: 1
--- !u!1 &105602
GameObject:
  m_ObjectHideFlags: 1
  m_PrefabParentObject: {fileID: 0}
  m_PrefabInternal: {fileID: 100100000}
  serializedVersion: 4
  m_Component:
  - 4: {fileID: 490810}
  m_Layer: 0
  m_Name: Core
  m_TagString: Untagged
  m_Icon: {fileID: 0}
  m_NavMeshLayer: 0
  m_StaticEditorFlags: 0
  m_IsActive: 1
--- !u!1 &107684
GameObject:
  m_ObjectHideFlags: 1
  m_PrefabParentObject: {fileID: 0}
  m_PrefabInternal: {fileID: 100100000}
  serializedVersion: 4
  m_Component:
  - 4: {fileID: 422948}
  m_Layer: 0
  m_Name: LegR_R
  m_TagString: Untagged
  m_Icon: {fileID: 0}
  m_NavMeshLayer: 0
  m_StaticEditorFlags: 0
  m_IsActive: 1
--- !u!1 &110288
GameObject:
  m_ObjectHideFlags: 1
  m_PrefabParentObject: {fileID: 0}
  m_PrefabInternal: {fileID: 100100000}
  serializedVersion: 4
  m_Component:
  - 4: {fileID: 401486}
  m_Layer: 0
  m_Name: ToeR_R
  m_TagString: Untagged
  m_Icon: {fileID: 0}
  m_NavMeshLayer: 0
  m_StaticEditorFlags: 0
  m_IsActive: 1
--- !u!1 &111646
GameObject:
  m_ObjectHideFlags: 1
  m_PrefabParentObject: {fileID: 0}
  m_PrefabInternal: {fileID: 100100000}
  serializedVersion: 4
  m_Component:
  - 4: {fileID: 492504}
  m_Layer: 0
  m_Name: Face
  m_TagString: Untagged
  m_Icon: {fileID: 0}
  m_NavMeshLayer: 0
  m_StaticEditorFlags: 0
  m_IsActive: 1
--- !u!1 &111982
GameObject:
  m_ObjectHideFlags: 1
  m_PrefabParentObject: {fileID: 0}
  m_PrefabInternal: {fileID: 100100000}
  serializedVersion: 4
  m_Component:
  - 4: {fileID: 452932}
  m_Layer: 0
  m_Name: HandL_R
  m_TagString: Untagged
  m_Icon: {fileID: 0}
  m_NavMeshLayer: 0
  m_StaticEditorFlags: 0
  m_IsActive: 1
--- !u!1 &112206
GameObject:
  m_ObjectHideFlags: 1
  m_PrefabParentObject: {fileID: 0}
  m_PrefabInternal: {fileID: 100100000}
  serializedVersion: 4
  m_Component:
  - 4: {fileID: 461358}
  m_Layer: 0
  m_Name: Skeleton
  m_TagString: Untagged
  m_Icon: {fileID: 0}
  m_NavMeshLayer: 0
  m_StaticEditorFlags: 0
  m_IsActive: 1
--- !u!1 &114468
GameObject:
  m_ObjectHideFlags: 1
  m_PrefabParentObject: {fileID: 0}
  m_PrefabInternal: {fileID: 100100000}
  serializedVersion: 4
  m_Component:
  - 4: {fileID: 455326}
  m_Layer: 0
  m_Name: ArmR_J
  m_TagString: Untagged
  m_Icon: {fileID: 0}
  m_NavMeshLayer: 0
  m_StaticEditorFlags: 0
  m_IsActive: 1
--- !u!1 &118186
GameObject:
  m_ObjectHideFlags: 0
  m_PrefabParentObject: {fileID: 0}
  m_PrefabInternal: {fileID: 100100000}
  serializedVersion: 4
  m_Component:
  - 4: {fileID: 403580}
  - 137: {fileID: 13721596}
  m_Layer: 0
  m_Name: Body
  m_TagString: Untagged
  m_Icon: {fileID: 0}
  m_NavMeshLayer: 0
  m_StaticEditorFlags: 0
  m_IsActive: 1
--- !u!1 &118288
GameObject:
  m_ObjectHideFlags: 1
  m_PrefabParentObject: {fileID: 0}
  m_PrefabInternal: {fileID: 100100000}
  serializedVersion: 4
  m_Component:
  - 4: {fileID: 489326}
  m_Layer: 0
  m_Name: Chest_R
  m_TagString: Untagged
  m_Icon: {fileID: 0}
  m_NavMeshLayer: 0
  m_StaticEditorFlags: 0
  m_IsActive: 1
--- !u!1 &120798
GameObject:
  m_ObjectHideFlags: 1
  m_PrefabParentObject: {fileID: 0}
  m_PrefabInternal: {fileID: 100100000}
  serializedVersion: 4
  m_Component:
  - 4: {fileID: 461524}
  m_Layer: 0
  m_Name: FootR_R
  m_TagString: Untagged
  m_Icon: {fileID: 0}
  m_NavMeshLayer: 0
  m_StaticEditorFlags: 0
  m_IsActive: 1
--- !u!1 &121154
GameObject:
  m_ObjectHideFlags: 0
  m_PrefabParentObject: {fileID: 0}
  m_PrefabInternal: {fileID: 100100000}
  serializedVersion: 4
  m_Component:
  - 4: {fileID: 493404}
  - 33: {fileID: 3392738}
  - 23: {fileID: 2374600}
  m_Layer: 0
  m_Name: MHFace_002
  m_TagString: Untagged
  m_Icon: {fileID: 0}
  m_NavMeshLayer: 0
  m_StaticEditorFlags: 0
  m_IsActive: 1
--- !u!1 &126290
GameObject:
  m_ObjectHideFlags: 1
  m_PrefabParentObject: {fileID: 0}
  m_PrefabInternal: {fileID: 100100000}
  serializedVersion: 4
  m_Component:
  - 4: {fileID: 490282}
  m_Layer: 0
  m_Name: Waist
  m_TagString: Untagged
  m_Icon: {fileID: 0}
  m_NavMeshLayer: 0
  m_StaticEditorFlags: 0
  m_IsActive: 1
--- !u!1 &132406
GameObject:
  m_ObjectHideFlags: 1
  m_PrefabParentObject: {fileID: 0}
  m_PrefabInternal: {fileID: 100100000}
  serializedVersion: 4
  m_Component:
  - 4: {fileID: 435876}
  m_Layer: 0
  m_Name: WristR
  m_TagString: Untagged
  m_Icon: {fileID: 0}
  m_NavMeshLayer: 0
  m_StaticEditorFlags: 0
  m_IsActive: 1
--- !u!1 &134438
GameObject:
  m_ObjectHideFlags: 1
  m_PrefabParentObject: {fileID: 0}
  m_PrefabInternal: {fileID: 100100000}
  serializedVersion: 4
  m_Component:
  - 4: {fileID: 431386}
  m_Layer: 0
  m_Name: ShoulderL_R
  m_TagString: Untagged
  m_Icon: {fileID: 0}
  m_NavMeshLayer: 0
  m_StaticEditorFlags: 0
  m_IsActive: 1
--- !u!1 &143380
GameObject:
  m_ObjectHideFlags: 1
  m_PrefabParentObject: {fileID: 0}
  m_PrefabInternal: {fileID: 100100000}
  serializedVersion: 4
  m_Component:
  - 4: {fileID: 417864}
  m_Layer: 0
  m_Name: HandR_R
  m_TagString: Untagged
  m_Icon: {fileID: 0}
  m_NavMeshLayer: 0
  m_StaticEditorFlags: 0
  m_IsActive: 1
--- !u!1 &143818
GameObject:
  m_ObjectHideFlags: 0
  m_PrefabParentObject: {fileID: 0}
  m_PrefabInternal: {fileID: 100100000}
  serializedVersion: 4
  m_Component:
  - 4: {fileID: 490784}
  m_Layer: 0
  m_Name: CTR
  m_TagString: Untagged
  m_Icon: {fileID: 0}
  m_NavMeshLayer: 0
  m_StaticEditorFlags: 0
  m_IsActive: 1
--- !u!1 &148626
GameObject:
  m_ObjectHideFlags: 1
  m_PrefabParentObject: {fileID: 0}
  m_PrefabInternal: {fileID: 100100000}
  serializedVersion: 4
  m_Component:
  - 4: {fileID: 404496}
  m_Layer: 0
  m_Name: ToeL_R
  m_TagString: Untagged
  m_Icon: {fileID: 0}
  m_NavMeshLayer: 0
  m_StaticEditorFlags: 0
  m_IsActive: 1
--- !u!1 &153242
GameObject:
  m_ObjectHideFlags: 1
  m_PrefabParentObject: {fileID: 0}
  m_PrefabInternal: {fileID: 100100000}
  serializedVersion: 4
  m_Component:
  - 4: {fileID: 413154}
  m_Layer: 0
  m_Name: LegR_J
  m_TagString: Untagged
  m_Icon: {fileID: 0}
  m_NavMeshLayer: 0
  m_StaticEditorFlags: 0
  m_IsActive: 1
--- !u!1 &157920
GameObject:
  m_ObjectHideFlags: 1
  m_PrefabParentObject: {fileID: 0}
  m_PrefabInternal: {fileID: 100100000}
  serializedVersion: 4
  m_Component:
  - 4: {fileID: 408054}
  m_Layer: 0
  m_Name: LegL_R
  m_TagString: Untagged
  m_Icon: {fileID: 0}
  m_NavMeshLayer: 0
  m_StaticEditorFlags: 0
  m_IsActive: 1
--- !u!1 &158172
GameObject:
  m_ObjectHideFlags: 0
  m_PrefabParentObject: {fileID: 0}
  m_PrefabInternal: {fileID: 100100000}
  serializedVersion: 4
  m_Component:
  - 4: {fileID: 487242}
  - 33: {fileID: 3347840}
  - 23: {fileID: 2391904}
  m_Layer: 0
  m_Name: MHCube05_002
  m_TagString: Untagged
  m_Icon: {fileID: 0}
  m_NavMeshLayer: 0
  m_StaticEditorFlags: 0
  m_IsActive: 1
--- !u!1 &162606
GameObject:
  m_ObjectHideFlags: 1
  m_PrefabParentObject: {fileID: 0}
  m_PrefabInternal: {fileID: 100100000}
  serializedVersion: 4
  m_Component:
  - 4: {fileID: 469500}
  m_Layer: 0
  m_Name: ArmL_J
  m_TagString: Untagged
  m_Icon: {fileID: 0}
  m_NavMeshLayer: 0
  m_StaticEditorFlags: 0
  m_IsActive: 1
--- !u!1 &166066
GameObject:
  m_ObjectHideFlags: 1
  m_PrefabParentObject: {fileID: 0}
  m_PrefabInternal: {fileID: 100100000}
  serializedVersion: 4
  m_Component:
  - 4: {fileID: 497980}
  m_Layer: 0
  m_Name: Neck
  m_TagString: Untagged
  m_Icon: {fileID: 0}
  m_NavMeshLayer: 0
  m_StaticEditorFlags: 0
  m_IsActive: 1
--- !u!1 &167664
GameObject:
  m_ObjectHideFlags: 1
  m_PrefabParentObject: {fileID: 0}
  m_PrefabInternal: {fileID: 100100000}
  serializedVersion: 4
  m_Component:
  - 4: {fileID: 421128}
  m_Layer: 0
  m_Name: ArmR_R
  m_TagString: Untagged
  m_Icon: {fileID: 0}
  m_NavMeshLayer: 0
  m_StaticEditorFlags: 0
  m_IsActive: 1
--- !u!1 &167736
GameObject:
  m_ObjectHideFlags: 0
  m_PrefabParentObject: {fileID: 0}
  m_PrefabInternal: {fileID: 100100000}
  serializedVersion: 4
  m_Component:
  - 4: {fileID: 415680}
  - 33: {fileID: 3394162}
  - 23: {fileID: 2383388}
  m_Layer: 0
  m_Name: MHCube05
  m_TagString: Untagged
  m_Icon: {fileID: 0}
  m_NavMeshLayer: 0
  m_StaticEditorFlags: 0
  m_IsActive: 1
--- !u!1 &174786
GameObject:
  m_ObjectHideFlags: 0
  m_PrefabParentObject: {fileID: 0}
  m_PrefabInternal: {fileID: 100100000}
  serializedVersion: 4
  m_Component:
  - 4: {fileID: 405326}
  - 95: {fileID: 9598358}
  m_Layer: 0
  m_Name: Prefab
  m_TagString: Untagged
  m_Icon: {fileID: 0}
  m_NavMeshLayer: 0
  m_StaticEditorFlags: 0
  m_IsActive: 1
--- !u!1 &175072
GameObject:
  m_ObjectHideFlags: 1
  m_PrefabParentObject: {fileID: 0}
  m_PrefabInternal: {fileID: 100100000}
  serializedVersion: 4
  m_Component:
  - 4: {fileID: 437058}
  m_Layer: 0
  m_Name: Breast
  m_TagString: Untagged
  m_Icon: {fileID: 0}
  m_NavMeshLayer: 0
  m_StaticEditorFlags: 0
  m_IsActive: 1
--- !u!1 &181076
GameObject:
  m_ObjectHideFlags: 1
  m_PrefabParentObject: {fileID: 0}
  m_PrefabInternal: {fileID: 100100000}
  serializedVersion: 4
  m_Component:
  - 4: {fileID: 442580}
  m_Layer: 0
  m_Name: ArmL_R
  m_TagString: Untagged
  m_Icon: {fileID: 0}
  m_NavMeshLayer: 0
  m_StaticEditorFlags: 0
  m_IsActive: 1
--- !u!1 &184598
GameObject:
  m_ObjectHideFlags: 1
  m_PrefabParentObject: {fileID: 0}
  m_PrefabInternal: {fileID: 100100000}
  serializedVersion: 4
  m_Component:
  - 4: {fileID: 486782}
  m_Layer: 0
  m_Name: ShoulderR_R
  m_TagString: Untagged
  m_Icon: {fileID: 0}
  m_NavMeshLayer: 0
  m_StaticEditorFlags: 0
  m_IsActive: 1
--- !u!1 &189588
GameObject:
  m_ObjectHideFlags: 1
  m_PrefabParentObject: {fileID: 0}
  m_PrefabInternal: {fileID: 100100000}
  serializedVersion: 4
  m_Component:
  - 4: {fileID: 455564}
  m_Layer: 0
  m_Name: WristL
  m_TagString: Untagged
  m_Icon: {fileID: 0}
  m_NavMeshLayer: 0
  m_StaticEditorFlags: 0
  m_IsActive: 1
--- !u!1 &192872
GameObject:
  m_ObjectHideFlags: 0
  m_PrefabParentObject: {fileID: 0}
  m_PrefabInternal: {fileID: 100100000}
  serializedVersion: 4
  m_Component:
  - 4: {fileID: 489116}
  - 33: {fileID: 3343034}
  - 23: {fileID: 2397926}
  m_Layer: 0
  m_Name: MHFace
  m_TagString: Untagged
  m_Icon: {fileID: 0}
  m_NavMeshLayer: 0
  m_StaticEditorFlags: 0
  m_IsActive: 1
--- !u!1 &197054
GameObject:
  m_ObjectHideFlags: 0
  m_PrefabParentObject: {fileID: 0}
  m_PrefabInternal: {fileID: 100100000}
  serializedVersion: 4
  m_Component:
  - 4: {fileID: 440832}
  - 137: {fileID: 13734722}
  m_Layer: 0
  m_Name: Visor
  m_TagString: Untagged
  m_Icon: {fileID: 0}
  m_NavMeshLayer: 0
  m_StaticEditorFlags: 0
  m_IsActive: 1
--- !u!1 &197368
GameObject:
  m_ObjectHideFlags: 1
  m_PrefabParentObject: {fileID: 0}
  m_PrefabInternal: {fileID: 100100000}
  serializedVersion: 4
  m_Component:
  - 4: {fileID: 487376}
  m_Layer: 0
  m_Name: LegL_J
  m_TagString: Untagged
  m_Icon: {fileID: 0}
  m_NavMeshLayer: 0
  m_StaticEditorFlags: 0
  m_IsActive: 1
--- !u!4 &401486
Transform:
  m_ObjectHideFlags: 1
  m_PrefabParentObject: {fileID: 0}
  m_PrefabInternal: {fileID: 100100000}
  m_GameObject: {fileID: 110288}
  m_LocalRotation: {x: -.074216418, y: .241824985, z: .0185540579, w: .967299521}
  m_LocalPosition: {x: -.136000007, y: 7.25699545e-09, z: -2.2775315e-09}
  m_LocalScale: {x: .99999994, y: .99999994, z: .99999994}
  m_Children: []
  m_Father: {fileID: 461524}
  m_RootOrder: 0
--- !u!4 &403580
Transform:
  m_ObjectHideFlags: 1
  m_PrefabParentObject: {fileID: 0}
  m_PrefabInternal: {fileID: 100100000}
  m_GameObject: {fileID: 118186}
  m_LocalRotation: {x: -.707106829, y: 0, z: -0, w: .707106709}
  m_LocalPosition: {x: 7.20000028e-16, y: 9.13937814e-09, z: -3.97364863e-10}
  m_LocalScale: {x: 1, y: 1, z: 1}
  m_Children: []
  m_Father: {fileID: 405326}
  m_RootOrder: 0
--- !u!4 &404496
Transform:
  m_ObjectHideFlags: 1
  m_PrefabParentObject: {fileID: 0}
  m_PrefabInternal: {fileID: 100100000}
  m_GameObject: {fileID: 148626}
  m_LocalRotation: {x: .371925503, y: .208634987, z: .123672895, w: .89601779}
  m_LocalPosition: {x: -.136000007, y: 7.15255721e-09, z: 5.96046412e-09}
  m_LocalScale: {x: .99999994, y: .99999994, z: .99999994}
  m_Children: []
  m_Father: {fileID: 454496}
  m_RootOrder: 0
--- !u!4 &405326
Transform:
  m_ObjectHideFlags: 1
  m_PrefabParentObject: {fileID: 0}
  m_PrefabInternal: {fileID: 100100000}
  m_GameObject: {fileID: 174786}
  m_LocalRotation: {x: 0, y: 0, z: 0, w: 1}
  m_LocalPosition: {x: 0, y: 0, z: 0}
  m_LocalScale: {x: 1, y: 1, z: 1}
  m_Children:
  - {fileID: 403580}
  - {fileID: 490784}
  - {fileID: 416792}
  - {fileID: 415680}
  - {fileID: 487242}
  - {fileID: 489116}
  - {fileID: 493404}
  - {fileID: 440832}
  m_Father: {fileID: 0}
  m_RootOrder: 0
--- !u!4 &408054
Transform:
  m_ObjectHideFlags: 1
  m_PrefabParentObject: {fileID: 0}
  m_PrefabInternal: {fileID: 100100000}
  m_GameObject: {fileID: 157920}
  m_LocalRotation: {x: .0124912011, y: .999449074, z: -.0307469107, w: -.00038414431}
  m_LocalPosition: {x: .128000036, y: .0719999969, z: 1.20642811e-08}
  m_LocalScale: {x: 1.00000012, y: 1, z: 1}
  m_Children:
  - {fileID: 487376}
  m_Father: {fileID: 490282}
  m_RootOrder: 1
--- !u!4 &413154
Transform:
  m_ObjectHideFlags: 1
  m_PrefabParentObject: {fileID: 0}
  m_PrefabInternal: {fileID: 100100000}
  m_GameObject: {fileID: 153242}
  m_LocalRotation: {x: 4.37117862e-08, y: -1.38753674e-15, z: -7.76671456e-16, w: 1}
  m_LocalPosition: {x: -.319999993, y: 2.57498414e-08, z: -3.43999985e-15}
  m_LocalScale: {x: 1, y: 1, z: 1}
  m_Children:
  - {fileID: 461524}
  m_Father: {fileID: 422948}
  m_RootOrder: 0
--- !u!4 &415680
Transform:
  m_ObjectHideFlags: 1
  m_PrefabParentObject: {fileID: 0}
  m_PrefabInternal: {fileID: 100100000}
  m_GameObject: {fileID: 167736}
  m_LocalRotation: {x: -.707106829, y: 0, z: -0, w: .707106829}
  m_LocalPosition: {x: 0, y: 0, z: 0}
  m_LocalScale: {x: 1, y: 1, z: 1}
  m_Children: []
  m_Father: {fileID: 405326}
  m_RootOrder: 3
--- !u!4 &416792
Transform:
  m_ObjectHideFlags: 1
  m_PrefabParentObject: {fileID: 0}
  m_PrefabInternal: {fileID: 100100000}
  m_GameObject: {fileID: 103472}
  m_LocalRotation: {x: -.707106829, y: 0, z: -0, w: .707106709}
  m_LocalPosition: {x: -1.59999997e-16, y: -3.97364308e-10, z: -3.97364225e-10}
  m_LocalScale: {x: 1, y: 1, z: 1}
  m_Children: []
  m_Father: {fileID: 405326}
  m_RootOrder: 2
--- !u!4 &417864
Transform:
  m_ObjectHideFlags: 1
  m_PrefabParentObject: {fileID: 0}
  m_PrefabInternal: {fileID: 100100000}
  m_GameObject: {fileID: 143380}
  m_LocalRotation: {x: .0832542032, y: -6.81537685e-14, z: -1.03490587e-14, w: .996528387}
  m_LocalPosition: {x: -.00800004601, y: -6.35059649e-09, z: -5.75090553e-09}
  m_LocalScale: {x: 1, y: 1, z: 1}
  m_Children: []
  m_Father: {fileID: 435876}
  m_RootOrder: 0
--- !u!4 &421128
Transform:
  m_ObjectHideFlags: 1
  m_PrefabParentObject: {fileID: 0}
  m_PrefabInternal: {fileID: 100100000}
  m_GameObject: {fileID: 167664}
  m_LocalRotation: {x: -.0411613993, y: -5.16886201e-10, z: -1.63479061e-08, w: .999152541}
  m_LocalPosition: {x: -.0960000008, y: 1.01742854e-08, z: -1.75395243e-09}
  m_LocalScale: {x: 1, y: 1, z: 1}
  m_Children:
  - {fileID: 455326}
  m_Father: {fileID: 486782}
  m_RootOrder: 0
--- !u!4 &422948
Transform:
  m_ObjectHideFlags: 1
  m_PrefabParentObject: {fileID: 0}
  m_PrefabInternal: {fileID: 100100000}
  m_GameObject: {fileID: 107684}
  m_LocalRotation: {x: 1.58932547e-08, y: 1, z: 4.37113847e-08, w: 1.33158053e-07}
  m_LocalPosition: {x: .128000021, y: -.0719999969, z: -5.24479349e-10}
  m_LocalScale: {x: 1, y: 1, z: 1}
  m_Children:
  - {fileID: 413154}
  m_Father: {fileID: 490282}
  m_RootOrder: 2
--- !u!4 &431386
Transform:
  m_ObjectHideFlags: 1
  m_PrefabParentObject: {fileID: 0}
  m_PrefabInternal: {fileID: 100100000}
  m_GameObject: {fileID: 134438}
  m_LocalRotation: {x: .465158075, y: -.465158105, z: -.532567322, w: .532567322}
  m_LocalPosition: {x: -.239999995, y: .0720000044, z: -1.39876499e-09}
  m_LocalScale: {x: 1, y: 1, z: 1}
  m_Children:
  - {fileID: 442580}
  m_Father: {fileID: 437058}
  m_RootOrder: 1
--- !u!4 &435876
Transform:
  m_ObjectHideFlags: 1
  m_PrefabParentObject: {fileID: 0}
  m_PrefabInternal: {fileID: 100100000}
  m_GameObject: {fileID: 132406}
  m_LocalRotation: {x: -.10941001, y: 1.27498847e-08, z: -4.01104039e-08, w: .99399668}
  m_LocalPosition: {x: -.207999945, y: 1.93074712e-08, z: 1.16150767e-09}
  m_LocalScale: {x: 1, y: .99999994, z: .99999994}
  m_Children:
  - {fileID: 417864}
  m_Father: {fileID: 455326}
  m_RootOrder: 0
--- !u!4 &437058
Transform:
  m_ObjectHideFlags: 1
  m_PrefabParentObject: {fileID: 0}
  m_PrefabInternal: {fileID: 100100000}
  m_GameObject: {fileID: 175072}
  m_LocalRotation: {x: -7.81558452e-14, y: 0, z: -0, w: 1}
  m_LocalPosition: {x: -.00400001509, y: 3.01994735e-10, z: -4.79999966e-16}
  m_LocalScale: {x: 1, y: 1, z: 1}
  m_Children:
  - {fileID: 497980}
  - {fileID: 431386}
  - {fileID: 486782}
  m_Father: {fileID: 489326}
  m_RootOrder: 0
--- !u!4 &440832
Transform:
  m_ObjectHideFlags: 1
  m_PrefabParentObject: {fileID: 0}
  m_PrefabInternal: {fileID: 100100000}
  m_GameObject: {fileID: 197054}
  m_LocalRotation: {x: -.707106829, y: 0, z: -0, w: .707106709}
  m_LocalPosition: {x: -1.59999997e-16, y: -3.97364308e-10, z: -3.97364225e-10}
  m_LocalScale: {x: 1, y: 1, z: 1}
  m_Children: []
  m_Father: {fileID: 405326}
  m_RootOrder: 7
--- !u!4 &442580
Transform:
  m_ObjectHideFlags: 1
  m_PrefabParentObject: {fileID: 0}
  m_PrefabInternal: {fileID: 100100000}
  m_GameObject: {fileID: 181076}
  m_LocalRotation: {x: .0288704, y: -2.81617663e-09, z: -1.13678125e-08, w: .999583185}
  m_LocalPosition: {x: -.0959999934, y: -9.57936619e-10, z: -7.45723749e-09}
  m_LocalScale: {x: 1, y: .99999994, z: .99999994}
  m_Children:
  - {fileID: 469500}
  m_Father: {fileID: 431386}
  m_RootOrder: 0
--- !u!4 &452932
Transform:
  m_ObjectHideFlags: 1
  m_PrefabParentObject: {fileID: 0}
  m_PrefabInternal: {fileID: 100100000}
  m_GameObject: {fileID: 111982}
  m_LocalRotation: {x: .123876318, y: .00679127034, z: .000264511065, w: .992274404}
  m_LocalPosition: {x: -.00799999107, y: -4.41721548e-09, z: -1.53551369e-07}
  m_LocalScale: {x: 1, y: 1, z: 1}
  m_Children: []
  m_Father: {fileID: 455564}
  m_RootOrder: 0
--- !u!4 &454496
Transform:
  m_ObjectHideFlags: 1
  m_PrefabParentObject: {fileID: 0}
  m_PrefabInternal: {fileID: 100100000}
  m_GameObject: {fileID: 101142}
  m_LocalRotation: {x: -.348886073, y: .443387628, z: .261075556, w: .783278763}
  m_LocalPosition: {x: -.400079936, y: 3.00316927e-08, z: -1.73370152e-10}
  m_LocalScale: {x: .99999994, y: 1, z: 1}
  m_Children:
  - {fileID: 404496}
  m_Father: {fileID: 487376}
  m_RootOrder: 0
--- !u!4 &455326
Transform:
  m_ObjectHideFlags: 1
  m_PrefabParentObject: {fileID: 0}
  m_PrefabInternal: {fileID: 100100000}
  m_GameObject: {fileID: 114468}
  m_LocalRotation: {x: .0415078402, y: -1.69006431e-09, z: -3.1677903e-08, w: .999138236}
  m_LocalPosition: {x: -.192000002, y: 1.66962035e-08, z: 3.75473341e-09}
  m_LocalScale: {x: 1, y: .99999994, z: .99999994}
  m_Children:
  - {fileID: 435876}
  m_Father: {fileID: 421128}
  m_RootOrder: 0
--- !u!4 &455564
Transform:
  m_ObjectHideFlags: 1
  m_PrefabParentObject: {fileID: 0}
  m_PrefabInternal: {fileID: 100100000}
  m_GameObject: {fileID: 189588}
  m_LocalRotation: {x: -.1231369, y: 5.26874677e-09, z: 4.51657876e-08, w: .992389679}
  m_LocalPosition: {x: -.208000004, y: 1.57153686e-08, z: -5.98816108e-09}
  m_LocalScale: {x: 1, y: .99999994, z: .99999994}
  m_Children:
  - {fileID: 452932}
  m_Father: {fileID: 469500}
  m_RootOrder: 0
--- !u!4 &461358
Transform:
  m_ObjectHideFlags: 1
  m_PrefabParentObject: {fileID: 0}
  m_PrefabInternal: {fileID: 100100000}
  m_GameObject: {fileID: 112206}
  m_LocalRotation: {x: .707106829, y: -.707106709, z: -6.32484074e-08, w: 1.25065512e-07}
  m_LocalPosition: {x: -5.8487192e-08, y: .919999957, z: -4.02144629e-08}
  m_LocalScale: {x: 1, y: 1, z: 1}
  m_Children:
  - {fileID: 490810}
  m_Father: {fileID: 490784}
  m_RootOrder: 0
--- !u!4 &461524
Transform:
  m_ObjectHideFlags: 1
  m_PrefabParentObject: {fileID: 0}
  m_PrefabInternal: {fileID: 100100000}
  m_GameObject: {fileID: 120798}
  m_LocalRotation: {x: 2.11933742e-08, y: .51449579, z: -2.04838759e-08, w: .857492924}
  m_LocalPosition: {x: -.399999976, y: 3.21071347e-08, z: 5.11999992e-15}
  m_LocalScale: {x: 1, y: 1, z: 1}
  m_Children:
  - {fileID: 401486}
  m_Father: {fileID: 413154}
  m_RootOrder: 0
--- !u!4 &469500
Transform:
  m_ObjectHideFlags: 1
  m_PrefabParentObject: {fileID: 0}
  m_PrefabInternal: {fileID: 100100000}
  m_GameObject: {fileID: 162606}
  m_LocalRotation: {x: .041071713, y: -2.09314899e-09, z: 3.12920356e-08, w: .999156237}
  m_LocalPosition: {x: -.192000002, y: 1.89985716e-08, z: -5.92313931e-09}
  m_LocalScale: {x: 1, y: .99999994, z: .99999994}
  m_Children:
  - {fileID: 455564}
  m_Father: {fileID: 442580}
  m_RootOrder: 0
--- !u!4 &486782
Transform:
  m_ObjectHideFlags: 1
  m_PrefabParentObject: {fileID: 0}
  m_PrefabInternal: {fileID: 100100000}
  m_GameObject: {fileID: 184598}
  m_LocalRotation: {x: -.492036134, y: -.492036104, z: .507838964, w: .507839084}
  m_LocalPosition: {x: -.239999995, y: -.0719999894, z: -1.39876351e-08}
  m_LocalScale: {x: 1, y: .99999994, z: .99999994}
  m_Children:
  - {fileID: 421128}
  m_Father: {fileID: 437058}
  m_RootOrder: 2
--- !u!4 &487242
Transform:
  m_ObjectHideFlags: 1
  m_PrefabParentObject: {fileID: 0}
  m_PrefabInternal: {fileID: 100100000}
  m_GameObject: {fileID: 158172}
  m_LocalRotation: {x: -.707106829, y: 0, z: -0, w: .707106829}
  m_LocalPosition: {x: 0, y: 0, z: 0}
  m_LocalScale: {x: 1, y: 1, z: 1}
  m_Children: []
  m_Father: {fileID: 405326}
  m_RootOrder: 4
--- !u!4 &487376
Transform:
  m_ObjectHideFlags: 1
  m_PrefabParentObject: {fileID: 0}
  m_PrefabInternal: {fileID: 100100000}
  m_GameObject: {fileID: 197368}
  m_LocalRotation: {x: -.0818704963, y: .000460534182, z: -.0224894416, w: .996389091}
  m_LocalPosition: {x: -.32009986, y: 2.42075018e-08, z: -1.87374075e-10}
  m_LocalScale: {x: .999999881, y: .99999994, z: .999999881}
  m_Children:
  - {fileID: 454496}
  m_Father: {fileID: 408054}
  m_RootOrder: 0
--- !u!4 &489116
Transform:
  m_ObjectHideFlags: 1
  m_PrefabParentObject: {fileID: 0}
  m_PrefabInternal: {fileID: 100100000}
  m_GameObject: {fileID: 192872}
  m_LocalRotation: {x: -.707106829, y: 0, z: -0, w: .707106829}
  m_LocalPosition: {x: 0, y: 0, z: 0}
  m_LocalScale: {x: 1, y: 1, z: 1}
  m_Children: []
  m_Father: {fileID: 405326}
  m_RootOrder: 5
--- !u!4 &489326
Transform:
  m_ObjectHideFlags: 1
  m_PrefabParentObject: {fileID: 0}
  m_PrefabInternal: {fileID: 100100000}
  m_GameObject: {fileID: 118288}
  m_LocalRotation: {x: -2.91321654e-13, y: 0, z: -0, w: 1}
  m_LocalPosition: {x: -.00399993872, y: 3.01990155e-10, z: -4.79999966e-16}
  m_LocalScale: {x: 1, y: 1, z: 1}
  m_Children:
  - {fileID: 437058}
  m_Father: {fileID: 490282}
  m_RootOrder: 0
--- !u!4 &490282
Transform:
  m_ObjectHideFlags: 1
  m_PrefabParentObject: {fileID: 0}
  m_PrefabInternal: {fileID: 100100000}
  m_GameObject: {fileID: 126290}
  m_LocalRotation: {x: 4.37117755e-08, y: -5.23598604e-16, z: 3.5517451e-15, w: 1}
  m_LocalPosition: {x: -.00400001509, y: 3.01993763e-10, z: -3.9999998e-16}
  m_LocalScale: {x: 1, y: 1, z: 1}
  m_Children:
  - {fileID: 489326}
  - {fileID: 408054}
  - {fileID: 422948}
  m_Father: {fileID: 490810}
  m_RootOrder: 0
--- !u!4 &490784
Transform:
  m_ObjectHideFlags: 1
  m_PrefabParentObject: {fileID: 0}
  m_PrefabInternal: {fileID: 100100000}
  m_GameObject: {fileID: 143818}
  m_LocalRotation: {x: 0, y: 1, z: 0, w: -1.62920685e-07}
  m_LocalPosition: {x: 0, y: 0, z: 0}
  m_LocalScale: {x: 1, y: 1, z: 1}
  m_Children:
  - {fileID: 461358}
  m_Father: {fileID: 405326}
  m_RootOrder: 1
--- !u!4 &490810
Transform:
  m_ObjectHideFlags: 1
  m_PrefabParentObject: {fileID: 0}
  m_PrefabInternal: {fileID: 100100000}
  m_GameObject: {fileID: 105602}
  m_LocalRotation: {x: 1, y: -1.19244756e-08, z: 4.37112959e-08, w: 1.33158053e-07}
  m_LocalPosition: {x: -.00400001509, y: 3.01988157e-10, z: -1.59999997e-16}
  m_LocalScale: {x: 1, y: 1, z: 1}
  m_Children:
  - {fileID: 490282}
  m_Father: {fileID: 461358}
  m_RootOrder: 0
--- !u!4 &492504
Transform:
  m_ObjectHideFlags: 1
  m_PrefabParentObject: {fileID: 0}
  m_PrefabInternal: {fileID: 100100000}
  m_GameObject: {fileID: 111646}
  m_LocalRotation: {x: -.0487257279, y: -.594867826, z: -.0495809615, w: .800811946}
  m_LocalPosition: {x: -.0835224614, y: 5.94753136e-09, z: -1.81018989e-09}
  m_LocalScale: {x: 1, y: 1, z: 1}
  m_Children: []
  m_Father: {fileID: 497980}
  m_RootOrder: 0
--- !u!4 &493404
Transform:
  m_ObjectHideFlags: 1
  m_PrefabParentObject: {fileID: 0}
  m_PrefabInternal: {fileID: 100100000}
  m_GameObject: {fileID: 121154}
  m_LocalRotation: {x: -.707106829, y: 0, z: -0, w: .707106829}
  m_LocalPosition: {x: 0, y: 0, z: 0}
  m_LocalScale: {x: 1, y: 1, z: 1}
  m_Children: []
  m_Father: {fileID: 405326}
  m_RootOrder: 6
--- !u!4 &497980
Transform:
  m_ObjectHideFlags: 1
  m_PrefabParentObject: {fileID: 0}
  m_PrefabInternal: {fileID: 100100000}
  m_GameObject: {fileID: 166066}
  m_LocalRotation: {x: -.0110737076, y: -.145204097, z: -.00162525568, w: .989338458}
  m_LocalPosition: {x: -.295999974, y: 8.29781222e-09, z: -.00800000969}
  m_LocalScale: {x: .99999994, y: 1, z: 1}
  m_Children:
  - {fileID: 492504}
  m_Father: {fileID: 437058}
  m_RootOrder: 0
--- !u!23 &2374600
MeshRenderer:
  m_ObjectHideFlags: 1
  m_PrefabParentObject: {fileID: 0}
  m_PrefabInternal: {fileID: 100100000}
  m_GameObject: {fileID: 121154}
  m_Enabled: 1
  m_CastShadows: 1
  m_ReceiveShadows: 1
  m_Materials:
  - {fileID: 10303, guid: 0000000000000000f000000000000000, type: 0}
  m_SubsetIndices: 
  m_StaticBatchRoot: {fileID: 0}
  m_UseLightProbes: 1
  m_ReflectionProbeUsage: 1
  m_ProbeAnchor: {fileID: 0}
  m_ScaleInLightmap: 1
  m_PreserveUVs: 0
  m_ImportantGI: 0
  m_AutoUVMaxDistance: .5
  m_AutoUVMaxAngle: 89
  m_LightmapParameters: {fileID: 0}
  m_SortingLayerID: 0
  m_SortingOrder: 0
--- !u!23 &2383388
MeshRenderer:
  m_ObjectHideFlags: 1
  m_PrefabParentObject: {fileID: 0}
  m_PrefabInternal: {fileID: 100100000}
  m_GameObject: {fileID: 167736}
  m_Enabled: 1
  m_CastShadows: 1
  m_ReceiveShadows: 1
  m_Materials:
  - {fileID: 2100000, guid: aed1ace2cbb994c1383c06b7e61d219d, type: 2}
  m_SubsetIndices: 
  m_StaticBatchRoot: {fileID: 0}
  m_UseLightProbes: 1
  m_ReflectionProbeUsage: 1
  m_ProbeAnchor: {fileID: 0}
  m_ScaleInLightmap: 1
  m_PreserveUVs: 0
  m_ImportantGI: 0
  m_AutoUVMaxDistance: .5
  m_AutoUVMaxAngle: 89
  m_LightmapParameters: {fileID: 0}
  m_SortingLayerID: 0
  m_SortingOrder: 0
--- !u!23 &2391904
MeshRenderer:
  m_ObjectHideFlags: 1
  m_PrefabParentObject: {fileID: 0}
  m_PrefabInternal: {fileID: 100100000}
  m_GameObject: {fileID: 158172}
  m_Enabled: 1
  m_CastShadows: 1
  m_ReceiveShadows: 1
  m_Materials:
  - {fileID: 2100000, guid: aed1ace2cbb994c1383c06b7e61d219d, type: 2}
  m_SubsetIndices: 
  m_StaticBatchRoot: {fileID: 0}
  m_UseLightProbes: 1
  m_ReflectionProbeUsage: 1
  m_ProbeAnchor: {fileID: 0}
  m_ScaleInLightmap: 1
  m_PreserveUVs: 0
  m_ImportantGI: 0
  m_AutoUVMaxDistance: .5
  m_AutoUVMaxAngle: 89
  m_LightmapParameters: {fileID: 0}
  m_SortingLayerID: 0
  m_SortingOrder: 0
--- !u!23 &2397926
MeshRenderer:
  m_ObjectHideFlags: 1
  m_PrefabParentObject: {fileID: 0}
  m_PrefabInternal: {fileID: 100100000}
  m_GameObject: {fileID: 192872}
  m_Enabled: 1
  m_CastShadows: 1
  m_ReceiveShadows: 1
  m_Materials:
  - {fileID: 10303, guid: 0000000000000000f000000000000000, type: 0}
  m_SubsetIndices: 
  m_StaticBatchRoot: {fileID: 0}
  m_UseLightProbes: 1
  m_ReflectionProbeUsage: 1
  m_ProbeAnchor: {fileID: 0}
  m_ScaleInLightmap: 1
  m_PreserveUVs: 0
  m_ImportantGI: 0
  m_AutoUVMaxDistance: .5
  m_AutoUVMaxAngle: 89
  m_LightmapParameters: {fileID: 0}
  m_SortingLayerID: 0
  m_SortingOrder: 0
--- !u!33 &3343034
MeshFilter:
  m_ObjectHideFlags: 1
  m_PrefabParentObject: {fileID: 0}
  m_PrefabInternal: {fileID: 100100000}
  m_GameObject: {fileID: 192872}
  m_Mesh: {fileID: 4300008, guid: a63ba7dd8662b45eebf857789da35714, type: 3}
--- !u!33 &3347840
MeshFilter:
  m_ObjectHideFlags: 1
  m_PrefabParentObject: {fileID: 0}
  m_PrefabInternal: {fileID: 100100000}
  m_GameObject: {fileID: 158172}
  m_Mesh: {fileID: 4300010, guid: a63ba7dd8662b45eebf857789da35714, type: 3}
--- !u!33 &3392738
MeshFilter:
  m_ObjectHideFlags: 1
  m_PrefabParentObject: {fileID: 0}
  m_PrefabInternal: {fileID: 100100000}
  m_GameObject: {fileID: 121154}
  m_Mesh: {fileID: 4300012, guid: a63ba7dd8662b45eebf857789da35714, type: 3}
--- !u!33 &3394162
MeshFilter:
  m_ObjectHideFlags: 1
  m_PrefabParentObject: {fileID: 0}
  m_PrefabInternal: {fileID: 100100000}
  m_GameObject: {fileID: 167736}
  m_Mesh: {fileID: 4300006, guid: a63ba7dd8662b45eebf857789da35714, type: 3}
--- !u!95 &9598358
Animator:
  serializedVersion: 3
  m_ObjectHideFlags: 1
  m_PrefabParentObject: {fileID: 0}
  m_PrefabInternal: {fileID: 100100000}
  m_GameObject: {fileID: 174786}
  m_Enabled: 1
  m_Avatar: {fileID: 9000000, guid: a63ba7dd8662b45eebf857789da35714, type: 3}
  m_Controller: {fileID: 0}
  m_CullingMode: 1
  m_UpdateMode: 0
  m_ApplyRootMotion: 0
  m_LinearVelocityBlending: 0
  m_WarningMessage: 
  m_HasTransformHierarchy: 1
  m_AllowConstantClipSamplingOptimization: 1
--- !u!137 &13721596
SkinnedMeshRenderer:
  m_ObjectHideFlags: 1
  m_PrefabParentObject: {fileID: 0}
  m_PrefabInternal: {fileID: 100100000}
  m_GameObject: {fileID: 118186}
  m_Enabled: 1
  m_CastShadows: 1
  m_ReceiveShadows: 1
  m_Materials:
  - {fileID: 2100000, guid: 0a628370c2a2e4b3b8912a249fcdfc4b, type: 2}
  m_SubsetIndices: 
  m_StaticBatchRoot: {fileID: 0}
  m_UseLightProbes: 1
  m_ReflectionProbeUsage: 1
  m_ProbeAnchor: {fileID: 0}
  m_ScaleInLightmap: 1
  m_PreserveUVs: 0
  m_ImportantGI: 0
  m_AutoUVMaxDistance: .5
  m_AutoUVMaxAngle: 89
  m_LightmapParameters: {fileID: 0}
  m_SortingLayerID: 0
  m_SortingOrder: 0
  serializedVersion: 2
  m_Quality: 0
  m_UpdateWhenOffscreen: 0
  m_Mesh: {fileID: 4300004, guid: a63ba7dd8662b45eebf857789da35714, type: 3}
  m_Bones:
  - {fileID: 461358}
  - {fileID: 490810}
  - {fileID: 490282}
  - {fileID: 422948}
  - {fileID: 413154}
  - {fileID: 461524}
  - {fileID: 401486}
  - {fileID: 408054}
  - {fileID: 487376}
  - {fileID: 454496}
  - {fileID: 404496}
  - {fileID: 489326}
  - {fileID: 437058}
  - {fileID: 431386}
  - {fileID: 442580}
  - {fileID: 469500}
  - {fileID: 455564}
  - {fileID: 452932}
  - {fileID: 486782}
  - {fileID: 421128}
  - {fileID: 455326}
  - {fileID: 435876}
  - {fileID: 417864}
  - {fileID: 497980}
  - {fileID: 492504}
  m_BlendShapeWeights: []
  m_RootBone: {fileID: 461358}
  m_AABB:
    m_Center: {x: .205744565, y: -.000272572041, z: -.0592485815}
    m_Extent: {x: .795870245, y: .63173908, z: .253703415}
  m_DirtyAABB: 0
--- !u!137 &13734722
SkinnedMeshRenderer:
  m_ObjectHideFlags: 1
  m_PrefabParentObject: {fileID: 0}
  m_PrefabInternal: {fileID: 100100000}
  m_GameObject: {fileID: 197054}
  m_Enabled: 1
  m_CastShadows: 1
  m_ReceiveShadows: 1
  m_Materials:
  - {fileID: 2100000, guid: 0a628370c2a2e4b3b8912a249fcdfc4b, type: 2}
  m_SubsetIndices: 
  m_StaticBatchRoot: {fileID: 0}
  m_UseLightProbes: 1
  m_ReflectionProbeUsage: 1
  m_ProbeAnchor: {fileID: 0}
  m_ScaleInLightmap: 1
  m_PreserveUVs: 0
  m_ImportantGI: 0
  m_AutoUVMaxDistance: .5
  m_AutoUVMaxAngle: 89
  m_LightmapParameters: {fileID: 0}
  m_SortingLayerID: 0
  m_SortingOrder: 0
  serializedVersion: 2
  m_Quality: 0
  m_UpdateWhenOffscreen: 0
  m_Mesh: {fileID: 4300000, guid: a63ba7dd8662b45eebf857789da35714, type: 3}
  m_Bones:
  - {fileID: 461358}
  - {fileID: 490810}
  - {fileID: 490282}
  - {fileID: 422948}
  - {fileID: 413154}
  - {fileID: 461524}
  - {fileID: 401486}
  - {fileID: 408054}
  - {fileID: 487376}
  - {fileID: 454496}
  - {fileID: 404496}
  - {fileID: 489326}
  - {fileID: 437058}
  - {fileID: 431386}
  - {fileID: 442580}
  - {fileID: 469500}
  - {fileID: 455564}
  - {fileID: 452932}
  - {fileID: 486782}
  - {fileID: 421128}
  - {fileID: 455326}
  - {fileID: 435876}
  - {fileID: 417864}
  - {fileID: 497980}
  - {fileID: 492504}
  m_BlendShapeWeights: []
  m_RootBone: {fileID: 461358}
  m_AABB:
    m_Center: {x: -.46039933, y: .00488527864, z: .122009173}
    m_Extent: {x: .061412096, y: .0894768611, z: .0369427353}
  m_DirtyAABB: 0
--- !u!137 &13739080
SkinnedMeshRenderer:
  m_ObjectHideFlags: 1
  m_PrefabParentObject: {fileID: 0}
  m_PrefabInternal: {fileID: 100100000}
  m_GameObject: {fileID: 103472}
  m_Enabled: 1
  m_CastShadows: 1
  m_ReceiveShadows: 1
  m_Materials:
  - {fileID: 2100000, guid: 869d5533f09fa4e448c67c9f9e879f20, type: 2}
  m_SubsetIndices: 
  m_StaticBatchRoot: {fileID: 0}
  m_UseLightProbes: 1
  m_ReflectionProbeUsage: 1
  m_ProbeAnchor: {fileID: 0}
  m_ScaleInLightmap: 1
  m_PreserveUVs: 0
  m_ImportantGI: 0
  m_AutoUVMaxDistance: .5
  m_AutoUVMaxAngle: 89
  m_LightmapParameters: {fileID: 0}
  m_SortingLayerID: 0
  m_SortingOrder: 0
  serializedVersion: 2
  m_Quality: 0
  m_UpdateWhenOffscreen: 0
  m_Mesh: {fileID: 4300002, guid: a63ba7dd8662b45eebf857789da35714, type: 3}
  m_Bones:
  - {fileID: 461358}
  - {fileID: 490810}
  - {fileID: 490282}
  - {fileID: 422948}
  - {fileID: 413154}
  - {fileID: 461524}
  - {fileID: 401486}
  - {fileID: 408054}
  - {fileID: 487376}
  - {fileID: 454496}
  - {fileID: 404496}
  - {fileID: 489326}
  - {fileID: 437058}
  - {fileID: 431386}
  - {fileID: 442580}
  - {fileID: 469500}
  - {fileID: 455564}
  - {fileID: 452932}
  - {fileID: 486782}
  - {fileID: 421128}
  - {fileID: 455326}
  - {fileID: 435876}
  - {fileID: 417864}
  - {fileID: 497980}
  - {fileID: 492504}
  m_BlendShapeWeights: []
  m_RootBone: {fileID: 461358}
  m_AABB:
    m_Center: {x: .160361767, y: -5.96046448e-08, z: .0494960696}
    m_Extent: {x: .819780111, y: .721973836, z: .15957424}
  m_DirtyAABB: 0
--- !u!1001 &100100000
Prefab:
  m_ObjectHideFlags: 1
  serializedVersion: 2
  m_Modification:
    m_TransformParent: {fileID: 0}
    m_Modifications:
    - target: {fileID: 0}
      propertyPath: m_LocalPosition.x
      value: 0
      objectReference: {fileID: 0}
    m_RemovedComponents: []
  m_ParentPrefab: {fileID: 0}
  m_RootGameObject: {fileID: 174786}
  m_IsPrefabParent: 1
