%YAML 1.1
%TAG !u! tag:unity3d.com,2011:
--- !u!29 &1
SceneSettings:
  m_ObjectHideFlags: 0
  m_PVSData: 
  m_PVSObjectsArray: []
  m_PVSPortalsArray: []
  m_OcclusionBakeSettings:
    smallestOccluder: 5
    smallestHole: .25
    backfaceThreshold: 100
--- !u!104 &2
RenderSettings:
  m_ObjectHideFlags: 0
  serializedVersion: 6
  m_Fog: 0
  m_FogColor: {r: .5, g: .5, b: .5, a: 1}
  m_FogMode: 3
  m_FogDensity: .00999999978
  m_LinearFogStart: 0
  m_LinearFogEnd: 300
  m_AmbientSkyColor: {r: 0, g: 0, b: 0, a: 0}
  m_AmbientEquatorColor: {r: .114, g: .125, b: .133000001, a: 1}
  m_AmbientGroundColor: {r: .0469999984, g: .0430000015, b: .0350000001, a: 1}
  m_AmbientIntensity: 1
  m_AmbientMode: 0
  m_SkyboxMaterial: {fileID: 0}
  m_HaloStrength: .5
  m_FlareStrength: 1
  m_FlareFadeSpeed: 3
  m_HaloTexture: {fileID: 0}
  m_SpotCookie: {fileID: 10001, guid: 0000000000000000e000000000000000, type: 0}
  m_DefaultReflectionMode: 0
  m_DefaultReflectionResolution: 128
  m_ReflectionBounces: 1
  m_ReflectionIntensity: 1
  m_CustomReflection: {fileID: 0}
  m_Sun: {fileID: 0}
--- !u!157 &3
LightmapSettings:
  m_ObjectHideFlags: 0
  serializedVersion: 5
  m_GIWorkflowMode: 0
  m_LightmapsMode: 1
  m_GISettings:
    serializedVersion: 2
    m_BounceScale: 1
    m_IndirectOutputScale: 1
    m_AlbedoBoost: 1
    m_TemporalCoherenceThreshold: 1
    m_EnvironmentLightingMode: 0
    m_EnableBakedLightmaps: 1
    m_EnableRealtimeLightmaps: 1
  m_LightmapEditorSettings:
    serializedVersion: 3
    m_Resolution: 2
    m_BakeResolution: 40
    m_TextureWidth: 1024
    m_TextureHeight: 1024
    m_AOMaxDistance: 1
    m_Padding: 2
    m_CompAOExponent: 0
    m_LightmapParameters: {fileID: 0}
    m_TextureCompression: 1
    m_FinalGather: 0
    m_FinalGatherRayCount: 1024
    m_ReflectionCompression: 2
  m_LightmapSnapshot: {fileID: 0}
  m_RuntimeCPUUsage: 25
--- !u!196 &4
NavMeshSettings:
  serializedVersion: 2
  m_ObjectHideFlags: 0
  m_BuildSettings:
    serializedVersion: 2
    agentRadius: .5
    agentHeight: 2
    agentSlope: 45
    agentClimb: .400000006
    ledgeDropHeight: 0
    maxJumpAcrossDistance: 0
    accuratePlacement: 0
    minRegionArea: 2
    cellSize: .166666672
    manualCellSize: 0
  m_NavMeshData: {fileID: 0}
--- !u!1001 &755735157
Prefab:
  m_ObjectHideFlags: 0
  serializedVersion: 2
  m_Modification:
    m_TransformParent: {fileID: 0}
    m_Modifications:
    - target: {fileID: 400326, guid: a7ad49df78a89c94da215784cfb987ba, type: 3}
      propertyPath: m_LocalPosition.x
      value: 0
      objectReference: {fileID: 0}
    - target: {fileID: 400326, guid: a7ad49df78a89c94da215784cfb987ba, type: 3}
      propertyPath: m_LocalPosition.y
      value: 0
      objectReference: {fileID: 0}
    - target: {fileID: 400326, guid: a7ad49df78a89c94da215784cfb987ba, type: 3}
      propertyPath: m_LocalPosition.z
      value: 0
      objectReference: {fileID: 0}
    - target: {fileID: 400326, guid: a7ad49df78a89c94da215784cfb987ba, type: 3}
      propertyPath: m_LocalRotation.x
      value: 0
      objectReference: {fileID: 0}
    - target: {fileID: 400326, guid: a7ad49df78a89c94da215784cfb987ba, type: 3}
      propertyPath: m_LocalRotation.y
      value: 0
      objectReference: {fileID: 0}
    - target: {fileID: 400326, guid: a7ad49df78a89c94da215784cfb987ba, type: 3}
      propertyPath: m_LocalRotation.z
      value: 0
      objectReference: {fileID: 0}
    - target: {fileID: 400326, guid: a7ad49df78a89c94da215784cfb987ba, type: 3}
      propertyPath: m_LocalRotation.w
      value: 1
      objectReference: {fileID: 0}
    - target: {fileID: 400326, guid: a7ad49df78a89c94da215784cfb987ba, type: 3}
      propertyPath: m_RootOrder
      value: 4
      objectReference: {fileID: 0}
    - target: {fileID: 400260, guid: a7ad49df78a89c94da215784cfb987ba, type: 3}
      propertyPath: m_LocalRotation.x
      value: .224375039
      objectReference: {fileID: 0}
    - target: {fileID: 400260, guid: a7ad49df78a89c94da215784cfb987ba, type: 3}
      propertyPath: m_LocalRotation.y
      value: .670563996
      objectReference: {fileID: 0}
    - target: {fileID: 400260, guid: a7ad49df78a89c94da215784cfb987ba, type: 3}
      propertyPath: m_LocalRotation.z
      value: -.506723344
      objectReference: {fileID: 0}
    - target: {fileID: 400260, guid: a7ad49df78a89c94da215784cfb987ba, type: 3}
      propertyPath: m_LocalRotation.w
      value: -.493184894
      objectReference: {fileID: 0}
    - target: {fileID: 400224, guid: a7ad49df78a89c94da215784cfb987ba, type: 3}
      propertyPath: m_LocalRotation.x
      value: -.0937465429
      objectReference: {fileID: 0}
    - target: {fileID: 400224, guid: a7ad49df78a89c94da215784cfb987ba, type: 3}
      propertyPath: m_LocalRotation.y
      value: .697855175
      objectReference: {fileID: 0}
    - target: {fileID: 400224, guid: a7ad49df78a89c94da215784cfb987ba, type: 3}
      propertyPath: m_LocalRotation.z
      value: .707469046
      objectReference: {fileID: 0}
    - target: {fileID: 400224, guid: a7ad49df78a89c94da215784cfb987ba, type: 3}
      propertyPath: m_LocalRotation.w
      value: .0608067624
      objectReference: {fileID: 0}
    - target: {fileID: 13700006, guid: a7ad49df78a89c94da215784cfb987ba, type: 3}
      propertyPath: m_AABB.m_Center.y
      value: 1.34957147
      objectReference: {fileID: 0}
    - target: {fileID: 13700006, guid: a7ad49df78a89c94da215784cfb987ba, type: 3}
      propertyPath: m_AABB.m_Center.z
      value: .0627700016
      objectReference: {fileID: 0}
    - target: {fileID: 13700006, guid: a7ad49df78a89c94da215784cfb987ba, type: 3}
      propertyPath: m_AABB.m_Extent.x
      value: .0715049952
      objectReference: {fileID: 0}
    - target: {fileID: 13700006, guid: a7ad49df78a89c94da215784cfb987ba, type: 3}
      propertyPath: m_AABB.m_Extent.y
      value: .0236654878
      objectReference: {fileID: 0}
    - target: {fileID: 13700006, guid: a7ad49df78a89c94da215784cfb987ba, type: 3}
      propertyPath: m_AABB.m_Extent.z
      value: .0114600006
      objectReference: {fileID: 0}
    - target: {fileID: 13700006, guid: a7ad49df78a89c94da215784cfb987ba, type: 3}
      propertyPath: m_DirtyAABB
      value: 0
      objectReference: {fileID: 0}
    - target: {fileID: 13700008, guid: a7ad49df78a89c94da215784cfb987ba, type: 3}
      propertyPath: m_AABB.m_Center.y
      value: 1.3556354
      objectReference: {fileID: 0}
    - target: {fileID: 13700008, guid: a7ad49df78a89c94da215784cfb987ba, type: 3}
      propertyPath: m_AABB.m_Center.z
      value: .0608415008
      objectReference: {fileID: 0}
    - target: {fileID: 13700008, guid: a7ad49df78a89c94da215784cfb987ba, type: 3}
      propertyPath: m_AABB.m_Extent.x
      value: .0768110007
      objectReference: {fileID: 0}
    - target: {fileID: 13700008, guid: a7ad49df78a89c94da215784cfb987ba, type: 3}
      propertyPath: m_AABB.m_Extent.y
      value: .0415344834
      objectReference: {fileID: 0}
    - target: {fileID: 13700008, guid: a7ad49df78a89c94da215784cfb987ba, type: 3}
      propertyPath: m_AABB.m_Extent.z
      value: .0209595039
      objectReference: {fileID: 0}
    - target: {fileID: 13700008, guid: a7ad49df78a89c94da215784cfb987ba, type: 3}
      propertyPath: m_DirtyAABB
      value: 0
      objectReference: {fileID: 0}
    - target: {fileID: 13700000, guid: a7ad49df78a89c94da215784cfb987ba, type: 3}
      propertyPath: m_AABB.m_Center.y
      value: 1.38029599
      objectReference: {fileID: 0}
    - target: {fileID: 13700000, guid: a7ad49df78a89c94da215784cfb987ba, type: 3}
      propertyPath: m_AABB.m_Center.z
      value: .0754300058
      objectReference: {fileID: 0}
    - target: {fileID: 13700000, guid: a7ad49df78a89c94da215784cfb987ba, type: 3}
      propertyPath: m_AABB.m_Extent.x
      value: .0510200001
      objectReference: {fileID: 0}
    - target: {fileID: 13700000, guid: a7ad49df78a89c94da215784cfb987ba, type: 3}
      propertyPath: m_AABB.m_Extent.y
      value: .0127292275
      objectReference: {fileID: 0}
    - target: {fileID: 13700000, guid: a7ad49df78a89c94da215784cfb987ba, type: 3}
      propertyPath: m_AABB.m_Extent.z
      value: .00634999201
      objectReference: {fileID: 0}
    - target: {fileID: 13700000, guid: a7ad49df78a89c94da215784cfb987ba, type: 3}
      propertyPath: m_DirtyAABB
      value: 0
      objectReference: {fileID: 0}
    - target: {fileID: 13700020, guid: a7ad49df78a89c94da215784cfb987ba, type: 3}
      propertyPath: m_AABB.m_Center.y
      value: 1.36627448
      objectReference: {fileID: 0}
    - target: {fileID: 13700020, guid: a7ad49df78a89c94da215784cfb987ba, type: 3}
      propertyPath: m_AABB.m_Center.z
      value: .0315424986
      objectReference: {fileID: 0}
    - target: {fileID: 13700020, guid: a7ad49df78a89c94da215784cfb987ba, type: 3}
      propertyPath: m_AABB.m_Extent.x
      value: .0784690008
      objectReference: {fileID: 0}
    - target: {fileID: 13700020, guid: a7ad49df78a89c94da215784cfb987ba, type: 3}
      propertyPath: m_AABB.m_Extent.y
      value: .106027484
      objectReference: {fileID: 0}
    - target: {fileID: 13700020, guid: a7ad49df78a89c94da215784cfb987ba, type: 3}
      propertyPath: m_AABB.m_Extent.z
      value: .0553374998
      objectReference: {fileID: 0}
    - target: {fileID: 13700020, guid: a7ad49df78a89c94da215784cfb987ba, type: 3}
      propertyPath: m_DirtyAABB
      value: 0
      objectReference: {fileID: 0}
    - target: {fileID: 9500000, guid: a7ad49df78a89c94da215784cfb987ba, type: 3}
      propertyPath: m_Controller
      value: 
      objectReference: {fileID: 9100000, guid: 55035b182af354f9ca6896c4531eddb5, type: 2}
    - target: {fileID: 100326, guid: a7ad49df78a89c94da215784cfb987ba, type: 3}
      propertyPath: m_Name
      value: Chidel
      objectReference: {fileID: 0}
    m_RemovedComponents: []
  m_ParentPrefab: {fileID: 100100000, guid: a7ad49df78a89c94da215784cfb987ba, type: 3}
  m_IsPrefabParent: 0
--- !u!1 &863555974 stripped
GameObject:
  m_PrefabParentObject: {fileID: 100326, guid: a7ad49df78a89c94da215784cfb987ba, type: 3}
  m_PrefabInternal: {fileID: 755735157}
--- !u!114 &863555976
MonoBehaviour:
  m_ObjectHideFlags: 0
  m_PrefabParentObject: {fileID: 0}
  m_PrefabInternal: {fileID: 0}
  m_GameObject: {fileID: 863555974}
  m_Enabled: 1
  m_EditorHideFlags: 0
  m_Script: {fileID: 11500000, guid: c74c7b8ac4f6a4c3d98b7675a34329e9, type: 3}
  m_Name: 
  m_EditorClassIdentifier: 
--- !u!114 &863555977
MonoBehaviour:
  m_ObjectHideFlags: 0
  m_PrefabParentObject: {fileID: 0}
  m_PrefabInternal: {fileID: 0}
  m_GameObject: {fileID: 863555974}
  m_Enabled: 1
  m_EditorHideFlags: 0
  m_Script: {fileID: 11500000, guid: 5323014fc484d42b69959304038597c0, type: 3}
  m_Name: 
  m_EditorClassIdentifier: 
--- !u!114 &863555978
MonoBehaviour:
  m_ObjectHideFlags: 0
  m_PrefabParentObject: {fileID: 0}
  m_PrefabInternal: {fileID: 0}
  m_GameObject: {fileID: 863555974}
  m_Enabled: 1
  m_EditorHideFlags: 0
  m_Script: {fileID: 11500000, guid: 95d45b37060a84392a8be4eb995d6793, type: 3}
  m_Name: 
  m_EditorClassIdentifier: 
  maxJumpCount: 2
  jumpPower: 7.5
  moveSpeed: 1
  maxAirControl: {x: 1, y: 1}
--- !u!54 &863555979
Rigidbody:
  m_ObjectHideFlags: 0
  m_PrefabParentObject: {fileID: 0}
  m_PrefabInternal: {fileID: 0}
  m_GameObject: {fileID: 863555974}
  serializedVersion: 2
  m_Mass: .800000012
  m_Drag: 0
  m_AngularDrag: .0500000007
  m_UseGravity: 1
  m_IsKinematic: 0
  m_Interpolate: 0
  m_Constraints: 120
  m_CollisionDetection: 0
--- !u!136 &863555980
CapsuleCollider:
  m_ObjectHideFlags: 0
  m_PrefabParentObject: {fileID: 0}
  m_PrefabInternal: {fileID: 0}
  m_GameObject: {fileID: 863555974}
  m_Material: {fileID: 13400000, guid: cf63880488ec29f43a759ecd9c6c5123, type: 2}
  m_IsTrigger: 0
  m_Enabled: 1
  m_Radius: .200000003
  m_Height: 1.60000002
  m_Direction: 1
  m_Center: {x: 0, y: .800000012, z: 0}
--- !u!1 &867778052
GameObject:
  m_ObjectHideFlags: 0
  m_PrefabParentObject: {fileID: 0}
  m_PrefabInternal: {fileID: 0}
  serializedVersion: 4
  m_Component:
  - 4: {fileID: 867778057}
  - 20: {fileID: 867778056}
  - 92: {fileID: 867778055}
  - 124: {fileID: 867778054}
  - 81: {fileID: 867778053}
  - 114: {fileID: 867778058}
  m_Layer: 0
  m_Name: Main Camera
  m_TagString: MainCamera
  m_Icon: {fileID: 0}
  m_NavMeshLayer: 0
  m_StaticEditorFlags: 0
  m_IsActive: 1
--- !u!81 &867778053
AudioListener:
  m_ObjectHideFlags: 0
  m_PrefabParentObject: {fileID: 0}
  m_PrefabInternal: {fileID: 0}
  m_GameObject: {fileID: 867778052}
  m_Enabled: 1
--- !u!124 &867778054
Behaviour:
  m_ObjectHideFlags: 0
  m_PrefabParentObject: {fileID: 0}
  m_PrefabInternal: {fileID: 0}
  m_GameObject: {fileID: 867778052}
  m_Enabled: 1
--- !u!92 &867778055
Behaviour:
  m_ObjectHideFlags: 0
  m_PrefabParentObject: {fileID: 0}
  m_PrefabInternal: {fileID: 0}
  m_GameObject: {fileID: 867778052}
  m_Enabled: 1
--- !u!20 &867778056
Camera:
  m_ObjectHideFlags: 0
  m_PrefabParentObject: {fileID: 0}
  m_PrefabInternal: {fileID: 0}
  m_GameObject: {fileID: 867778052}
  m_Enabled: 1
  serializedVersion: 2
  m_ClearFlags: 1
  m_BackGroundColor: {r: .192156866, g: .301960796, b: .474509805, a: .0196078438}
  m_NormalizedViewPortRect:
    serializedVersion: 2
    x: 0
    y: 0
    width: 1
    height: 1
  near clip plane: .300000012
  far clip plane: 1000
  field of view: 60
  orthographic: 0
  orthographic size: 5
  m_Depth: -1
  m_CullingMask:
    serializedVersion: 2
    m_Bits: 4294967295
  m_RenderingPath: -1
  m_TargetTexture: {fileID: 0}
  m_TargetDisplay: 0
  m_TargetEye: 3
  m_HDR: 0
  m_OcclusionCulling: 1
  m_StereoConvergence: 10
  m_StereoSeparation: .0219999999
  m_StereoMirrorMode: 0
--- !u!4 &867778057
Transform:
  m_ObjectHideFlags: 0
  m_PrefabParentObject: {fileID: 0}
  m_PrefabInternal: {fileID: 0}
  m_GameObject: {fileID: 867778052}
  m_LocalRotation: {x: 0, y: 0, z: 0, w: 1}
  m_LocalPosition: {x: 0, y: 1, z: -10}
  m_LocalScale: {x: 1, y: 1, z: 1}
  m_Children: []
  m_Father: {fileID: 0}
  m_RootOrder: 0
--- !u!114 &867778058
MonoBehaviour:
  m_ObjectHideFlags: 0
  m_PrefabParentObject: {fileID: 0}
  m_PrefabInternal: {fileID: 0}
  m_GameObject: {fileID: 867778052}
  m_Enabled: 1
  m_EditorHideFlags: 0
  m_Script: {fileID: 11500000, guid: ce97145427f354bc99f80a8f2a55862e, type: 3}
  m_Name: 
  m_EditorClassIdentifier: 
  accelerationSpeed: 5
--- !u!1 &1062210882
GameObject:
  m_ObjectHideFlags: 0
  m_PrefabParentObject: {fileID: 0}
  m_PrefabInternal: {fileID: 0}
  serializedVersion: 4
  m_Component:
  - 4: {fileID: 1062210883}
  - 114: {fileID: 1062210884}
  m_Layer: 0
  m_Name: Level
  m_TagString: Untagged
  m_Icon: {fileID: 0}
  m_NavMeshLayer: 0
  m_StaticEditorFlags: 0
  m_IsActive: 1
--- !u!4 &1062210883
Transform:
  m_ObjectHideFlags: 0
  m_PrefabParentObject: {fileID: 0}
  m_PrefabInternal: {fileID: 0}
  m_GameObject: {fileID: 1062210882}
  m_LocalRotation: {x: 0, y: 0, z: 0, w: 1}
  m_LocalPosition: {x: 0, y: 0, z: 0}
  m_LocalScale: {x: 1, y: 1, z: 1}
  m_Children:
  - {fileID: 2017798002}
  - {fileID: 1967535855}
  m_Father: {fileID: 0}
  m_RootOrder: 2
--- !u!114 &1062210884
MonoBehaviour:
  m_ObjectHideFlags: 0
  m_PrefabParentObject: {fileID: 0}
  m_PrefabInternal: {fileID: 0}
  m_GameObject: {fileID: 1062210882}
  m_Enabled: 1
  m_EditorHideFlags: 0
  m_Script: {fileID: 11500000, guid: e2bb85afbe62c45e3922c0ffd8b845e7, type: 3}
  m_Name: 
  m_EditorClassIdentifier: 
  skybox: {fileID: 0}
  ambience: {r: 0, g: 0, b: 0, a: 0}
--- !u!1 &1377698516
GameObject:
  m_ObjectHideFlags: 0
  m_PrefabParentObject: {fileID: 0}
  m_PrefabInternal: {fileID: 0}
  serializedVersion: 4
  m_Component:
  - 4: {fileID: 1377698518}
  - 108: {fileID: 1377698517}
  m_Layer: 0
  m_Name: Directional Light
  m_TagString: Untagged
  m_Icon: {fileID: 0}
  m_NavMeshLayer: 0
  m_StaticEditorFlags: 0
  m_IsActive: 1
--- !u!108 &1377698517
Light:
  m_ObjectHideFlags: 0
  m_PrefabParentObject: {fileID: 0}
  m_PrefabInternal: {fileID: 0}
  m_GameObject: {fileID: 1377698516}
  m_Enabled: 1
  serializedVersion: 6
  m_Type: 1
  m_Color: {r: 1, g: .956862748, b: .839215696, a: 1}
  m_Intensity: 1
  m_Range: 10
  m_SpotAngle: 30
  m_CookieSize: 10
  m_Shadows:
    m_Type: 2
    m_Resolution: -1
    m_Strength: 1
    m_Bias: .0500000007
    m_NormalBias: .400000006
  m_Cookie: {fileID: 0}
  m_DrawHalo: 0
  m_Flare: {fileID: 0}
  m_RenderMode: 0
  m_CullingMask:
    serializedVersion: 2
    m_Bits: 4294967295
  m_Lightmapping: 4
  m_BounceIntensity: 1
  m_ShadowRadius: 0
  m_ShadowAngle: 0
  m_AreaSize: {x: 1, y: 1}
--- !u!4 &1377698518
Transform:
  m_ObjectHideFlags: 0
  m_PrefabParentObject: {fileID: 0}
  m_PrefabInternal: {fileID: 0}
  m_GameObject: {fileID: 1377698516}
  m_LocalRotation: {x: .408217937, y: -.234569728, z: .109381676, w: .875426054}
  m_LocalPosition: {x: 0, y: 3, z: 0}
  m_LocalScale: {x: 1, y: 1, z: 1}
  m_Children: []
  m_Father: {fileID: 0}
  m_RootOrder: 1
--- !u!1 &1967535854
GameObject:
  m_ObjectHideFlags: 0
  m_PrefabParentObject: {fileID: 0}
  m_PrefabInternal: {fileID: 0}
  serializedVersion: 4
  m_Component:
  - 4: {fileID: 1967535855}
  - 65: {fileID: 1967535856}
  - 114: {fileID: 1967535857}
  m_Layer: 0
  m_Name: Level Boundings
  m_TagString: Untagged
  m_Icon: {fileID: 0}
  m_NavMeshLayer: 0
  m_StaticEditorFlags: 0
  m_IsActive: 1
--- !u!4 &1967535855
Transform:
  m_ObjectHideFlags: 0
  m_PrefabParentObject: {fileID: 0}
  m_PrefabInternal: {fileID: 0}
  m_GameObject: {fileID: 1967535854}
  m_LocalRotation: {x: 0, y: 0, z: 0, w: 1}
  m_LocalPosition: {x: 0, y: 0, z: 0}
  m_LocalScale: {x: 1, y: 1, z: 1}
  m_Children: []
  m_Father: {fileID: 1062210883}
  m_RootOrder: 1
--- !u!65 &1967535856
BoxCollider:
  m_ObjectHideFlags: 0
  m_PrefabParentObject: {fileID: 0}
  m_PrefabInternal: {fileID: 0}
  m_GameObject: {fileID: 1967535854}
  m_Material: {fileID: 0}
  m_IsTrigger: 1
  m_Enabled: 1
  serializedVersion: 2
  m_Size: {x: 10, y: 10, z: 5}
  m_Center: {x: 0, y: 2, z: 0}
--- !u!114 &1967535857
MonoBehaviour:
  m_ObjectHideFlags: 0
  m_PrefabParentObject: {fileID: 0}
  m_PrefabInternal: {fileID: 0}
  m_GameObject: {fileID: 1967535854}
  m_Enabled: 1
  m_EditorHideFlags: 0
  m_Script: {fileID: 11500000, guid: 372f48b861ee242d4880d5f9293f9388, type: 3}
  m_Name: 
  m_EditorClassIdentifier: 
--- !u!1 &2017798001
GameObject:
  m_ObjectHideFlags: 0
  m_PrefabParentObject: {fileID: 0}
  m_PrefabInternal: {fileID: 0}
  serializedVersion: 4
  m_Component:
  - 4: {fileID: 2017798002}
  - 33: {fileID: 2017798005}
  - 65: {fileID: 2017798004}
  - 23: {fileID: 2017798003}
  m_Layer: 0
  m_Name: Main Floor
  m_TagString: Platform
  m_Icon: {fileID: 0}
  m_NavMeshLayer: 0
  m_StaticEditorFlags: 0
  m_IsActive: 1
--- !u!4 &2017798002
Transform:
  m_ObjectHideFlags: 0
  m_PrefabParentObject: {fileID: 0}
  m_PrefabInternal: {fileID: 0}
  m_GameObject: {fileID: 2017798001}
  m_LocalRotation: {x: 0, y: 0, z: 0, w: 1}
  m_LocalPosition: {x: 0, y: -.5, z: 0}
  m_LocalScale: {x: 8, y: 1, z: 1}
  m_Children: []
  m_Father: {fileID: 1062210883}
  m_RootOrder: 0
--- !u!23 &2017798003
MeshRenderer:
  m_ObjectHideFlags: 0
  m_PrefabParentObject: {fileID: 0}
  m_PrefabInternal: {fileID: 0}
  m_GameObject: {fileID: 2017798001}
  m_Enabled: 1
  m_CastShadows: 1
  m_ReceiveShadows: 1
  m_Materials:
  - {fileID: 10303, guid: 0000000000000000f000000000000000, type: 0}
  m_SubsetIndices: 
  m_StaticBatchRoot: {fileID: 0}
  m_UseLightProbes: 1
  m_ReflectionProbeUsage: 1
  m_ProbeAnchor: {fileID: 0}
  m_ScaleInLightmap: 1
  m_PreserveUVs: 1
  m_ImportantGI: 0
  m_AutoUVMaxDistance: .5
  m_AutoUVMaxAngle: 89
  m_LightmapParameters: {fileID: 0}
  m_SortingLayerID: 0
  m_SortingOrder: 0
--- !u!65 &2017798004
BoxCollider:
  m_ObjectHideFlags: 0
  m_PrefabParentObject: {fileID: 0}
  m_PrefabInternal: {fileID: 0}
  m_GameObject: {fileID: 2017798001}
  m_Material: {fileID: 0}
  m_IsTrigger: 0
  m_Enabled: 1
  serializedVersion: 2
  m_Size: {x: 1, y: 1, z: 1}
  m_Center: {x: 0, y: 0, z: 0}
--- !u!33 &2017798005
MeshFilter:
  m_ObjectHideFlags: 0
  m_PrefabParentObject: {fileID: 0}
  m_PrefabInternal: {fileID: 0}
  m_GameObject: {fileID: 2017798001}
  m_Mesh: {fileID: 10202, guid: 0000000000000000e000000000000000, type: 0}
